@article{1972_Lieb,
author = {Elliott H. Lieb and Derek W. Robinson},
title = {{The finite group velocity of quantum spin systems}},
volume = {28},
journal = {Communications in Mathematical Physics},
number = {3},
publisher = {Springer},
pages = {251 -- 257},
year = {1972},
doi = {cmp/1103858407},
URL = {https://doi.org/}}

@article{2008_PEPS,
author = { F.   Verstraete  and  V.   Murg  and  J.I.   Cirac },
title = {Matrix product states, projected entangled pair states, and variational renormalization group methods for quantum spin systems},
journal = {Advances in Physics},
volume = {57},
number = {2},
pages = {143-224},
year  = {2008},
publisher = {Taylor & Francis},
doi = {10.1080/14789940801912366},
URL = { 
        https://doi.org/10.1080/14789940801912366    
},
eprint = { 
        https://doi.org/10.1080/14789940801912366    
}}



@article{PEPS,
	Author = {Verstraete, F. and Murg, V. and Cirac, J.I.},
	Date-Added = {2021-01-05 15:05:19 +0800},
	Date-Modified = {2021-01-05 15:05:19 +0800},
	Doi = {10.1080/14789940801912366},
	Journal = {Advances in Physics},
	Number = {2},
	Pages = {143-224},
	Title = {Matrix product states, projected entangled pair states, and variational renormalization group methods for quantum spin systems},
	Volume = {57},
	Year = {2008},
	Bdsk-Url-1 = {http://dx.doi.org/10.1080/14789940801912366}}


@article{Wen1989,
	Author = {Wen, X. G.},
	Doi = {10.1103/PhysRevB.40.7387},
	Issue = {10},
	Journal = {Phys. Rev. B},
	Month = {Oct},
	Numpages = {0},
	Pages = {7387--7390},
	Publisher = {American Physical Society},
	Title = {Vacuum degeneracy of chiral spin states in compactified space},
	Url = {https://link.aps.org/doi/10.1103/PhysRevB.40.7387},
	Volume = {40},
	Year = {1989},
	Bdsk-Url-1 = {https://link.aps.org/doi/10.1103/PhysRevB.40.7387},
	Bdsk-Url-2 = {https://doi.org/10.1103/PhysRevB.40.7387}}

@article{Wen1990,
	Author = {Wen, X. G. and Niu, Q.},
	Doi = {10.1103/PhysRevB.41.9377},
	Issue = {13},
	Journal = {Phys. Rev. B},
	Month = {May},
	Numpages = {0},
	Pages = {9377--9396},
	Publisher = {American Physical Society},
	Title = {Ground-state degeneracy of the fractional quantum Hall states in the presence of a random potential and on high-genus Riemann surfaces},
	Url = {https://link.aps.org/doi/10.1103/PhysRevB.41.9377},
	Volume = {41},
	Year = {1990},
	Bdsk-Url-1 = {https://link.aps.org/doi/10.1103/PhysRevB.41.9377},
	Bdsk-Url-2 = {https://doi.org/10.1103/PhysRevB.41.9377}}

@article{wen_1990,
	Author = {Wen, X. G.},
	Doi = {10.1142/S0217979290000139},
	Eprint = {https://doi.org/10.1142/S0217979290000139},
	Journal = {International Journal of Modern Physics B},
	Number = {02},
	Pages = {239-271},
	Title = {TOPOLOGICAL ORDERS IN RIGID STATES},
	Url = {https://doi.org/10.1142/S0217979290000139},
	Volume = {04},
	Year = {1990},
	Bdsk-Url-1 = {https://doi.org/10.1142/S0217979290000139}}

@article{Wen1993,
	Author = {Keski-Vakkuri, Esko and Wen, Xiao-Gang},
	Doi = {10.1142/S0217979293003644},
	Eprint = {https://doi.org/10.1142/S0217979293003644},
	Journal = {International Journal of Modern Physics B},
	Number = {25},
	Pages = {4227-4259},
	Title = {THE GROUND STATE STRUCTURE AND MODULAR TRANSFORMATIONS OF FRACTIONAL QUANTUM HALL STATES ON A TORUS},
	Url = {https://doi.org/10.1142/S0217979293003644},
	Volume = {07},
	Year = {1993},
	Bdsk-Url-1 = {https://doi.org/10.1142/S0217979293003644}}

@article{KITAEV20062,
	Abstract = {A spin-1/2 system on a honeycomb lattice is studied. The interactions between nearest neighbors are of XX, YY or ZZ type, depending on the direction of the link; different types of interactions may differ in strength. The model is solved exactly by a reduction to free fermions in a static Z2 gauge field. A phase diagram in the parameter space is obtained. One of the phases has an energy gap and carries excitations that are Abelian anyons. The other phase is gapless, but acquires a gap in the presence of magnetic field. In the latter case excitations are non-Abelian anyons whose braiding rules coincide with those of conformal blocks for the Ising model. We also consider a general theory of free fermions with a gapped spectrum, which is characterized by a spectral Chern number ν. The Abelian and non-Abelian phases of the original model correspond to ν=0 and ν=$\pm$1, respectively. The anyonic properties of excitation depend on ν mod 16, whereas ν itself governs edge thermal transport. The paper also provides mathematical background on anyons as well as an elementary theory of Chern number for quasidiagonal matrices.},
	Author = {Alexei Kitaev},
	Doi = {https://doi.org/10.1016/j.aop.2005.10.005},
	Issn = {0003-4916},
	Journal = {Annals of Physics},
	Note = {January Special Issue},
	Number = {1},
	Pages = {2 - 111},
	Title = {Anyons in an exactly solved model and beyond},
	Url = {http://www.sciencedirect.com/science/article/pii/S0003491605002381},
	Volume = {321},
	Year = {2006},
	Bdsk-Url-1 = {http://www.sciencedirect.com/science/article/pii/S0003491605002381},
	Bdsk-Url-2 = {https://doi.org/10.1016/j.aop.2005.10.005}}

@article{Bais_2012,
	Abstract = {We study topological phase transitions in discrete gauge theories in two spatial dimensions induced by the formation of a Bose condensate. We analyse a general class of euclidean lattice actions for these theories which contain one coupling constant for each conjugacy class of the gauge group. To probe the phase structure we use a complete set of open and closed anyonic string operators. The open strings allow one to determine the particle content of the condensate, whereas the closed strings enable us to determine the matrix elements of the modular S-matrix, in both the unbroken and broken phases. From the measured broken S-matrix we may read off the sectors that split or get identified in the broken phase, as well as the sectors that are confined. In this sense the modular S-matrix can be employed as a matrix valued nonlocal order parameter from which the low-energy effective theories that occur in different regions of parameter space can be fully determined. To verify our predictions, we studied a non-abelian anyon model based on the quaternion group of the order of eight by Monte Carlo simulation. We probe part of the phase diagram for the pure gauge theory and find a variety of phases with magnetic condensates leading to various forms of (partial) confinement in complete agreement with the algebraic breaking analysis. Also the order of various transitions is established.},
	Author = {F A Bais and J C Romers},
	Doi = {10.1088/1367-2630/14/3/035024},
	Journal = {New Journal of Physics},
	Month = {mar},
	Number = {3},
	Pages = {035024},
	Publisher = {{IOP} Publishing},
	Title = {The {modularS}-matrix as order parameter for topological phase transitions},
	Url = {https://doi.org/10.1088%2F1367-2630%2F14%2F3%2F035024},
	Volume = {14},
	Year = 2012,
	Bdsk-Url-1 = {https://doi.org/10.1088%2F1367-2630%2F14%2F3%2F035024},
	Bdsk-Url-2 = {https://doi.org/10.1088/1367-2630/14/3/035024}}

@article{Zhang_2012,
	Author = {Zhang, Yi and Grover, Tarun and Turner, Ari and Oshikawa, Masaki and Vishwanath, Ashvin},
	Doi = {10.1103/PhysRevB.85.235151},
	Issue = {23},
	Journal = {Phys. Rev. B},
	Month = {Jun},
	Numpages = {15},
	Pages = {235151},
	Publisher = {American Physical Society},
	Title = {Quasiparticle statistics and braiding from ground-state entanglement},
	Url = {https://link.aps.org/doi/10.1103/PhysRevB.85.235151},
	Volume = {85},
	Year = {2012},
	Bdsk-Url-1 = {https://link.aps.org/doi/10.1103/PhysRevB.85.235151},
	Bdsk-Url-2 = {https://doi.org/10.1103/PhysRevB.85.235151}}

@article{Kitaev2006,
	Author = {Kitaev, Alexei and Preskill, John},
	Doi = {10.1103/PhysRevLett.96.110404},
	Issue = {11},
	Journal = {Phys. Rev. Lett.},
	Month = {Mar},
	Numpages = {4},
	Pages = {110404},
	Publisher = {American Physical Society},
	Title = {Topological Entanglement Entropy},
	Url = {https://link.aps.org/doi/10.1103/PhysRevLett.96.110404},
	Volume = {96},
	Year = {2006},
	Bdsk-Url-1 = {https://link.aps.org/doi/10.1103/PhysRevLett.96.110404},
	Bdsk-Url-2 = {https://doi.org/10.1103/PhysRevLett.96.110404}}

@article{Levin2006,
	Author = {Levin, Michael and Wen, Xiao-Gang},
	Doi = {10.1103/PhysRevLett.96.110405},
	Issue = {11},
	Journal = {Phys. Rev. Lett.},
	Month = {Mar},
	Numpages = {4},
	Pages = {110405},
	Publisher = {American Physical Society},
	Title = {Detecting Topological Order in a Ground State Wave Function},
	Url = {https://link.aps.org/doi/10.1103/PhysRevLett.96.110405},
	Volume = {96},
	Year = {2006},
	Bdsk-Url-1 = {https://link.aps.org/doi/10.1103/PhysRevLett.96.110405},
	Bdsk-Url-2 = {https://doi.org/10.1103/PhysRevLett.96.110405}}

@article{Xie_2010,
	Author = {Chen, Xie and Gu, Zheng-Cheng and Wen, Xiao-Gang},
	Doi = {10.1103/PhysRevB.82.155138},
	Issue = {15},
	Journal = {Phys. Rev. B},
	Month = {Oct},
	Numpages = {28},
	Pages = {155138},
	Publisher = {American Physical Society},
	Title = {Local unitary transformation, long-range quantum entanglement, wave function renormalization, and topological order},
	Url = {https://link.aps.org/doi/10.1103/PhysRevB.82.155138},
	Volume = {82},
	Year = {2010},
	Bdsk-Url-1 = {https://link.aps.org/doi/10.1103/PhysRevB.82.155138},
	Bdsk-Url-2 = {https://doi.org/10.1103/PhysRevB.82.155138}}

@article{Haldane_2008,
	Author = {Li, Hui and Haldane, F. D. M.},
	Doi = {10.1103/PhysRevLett.101.010504},
	Issue = {1},
	Journal = {Phys. Rev. Lett.},
	Month = {Jul},
	Numpages = {4},
	Pages = {010504},
	Publisher = {American Physical Society},
	Title = {Entanglement Spectrum as a Generalization of Entanglement Entropy: Identification of Topological Order in Non-Abelian Fractional Quantum Hall Effect States},
	Url = {https://link.aps.org/doi/10.1103/PhysRevLett.101.010504},
	Volume = {101},
	Year = {2008},
	Bdsk-Url-1 = {https://link.aps.org/doi/10.1103/PhysRevLett.101.010504},
	Bdsk-Url-2 = {https://doi.org/10.1103/PhysRevLett.101.010504}}

@article{Pollmann_2010,
	Author = {Pollmann, Frank and Turner, Ari M. and Berg, Erez and Oshikawa, Masaki},
	Doi = {10.1103/PhysRevB.81.064439},
	Issue = {6},
	Journal = {Phys. Rev. B},
	Month = {Feb},
	Numpages = {10},
	Pages = {064439},
	Publisher = {American Physical Society},
	Title = {Entanglement spectrum of a topological phase in one dimension},
	Url = {https://link.aps.org/doi/10.1103/PhysRevB.81.064439},
	Volume = {81},
	Year = {2010},
	Bdsk-Url-1 = {https://link.aps.org/doi/10.1103/PhysRevB.81.064439},
	Bdsk-Url-2 = {https://doi.org/10.1103/PhysRevB.81.064439}}

@article{Turner_2011,
	Author = {Turner, Ari M. and Pollmann, Frank and Berg, Erez},
	Doi = {10.1103/PhysRevB.83.075102},
	Issue = {7},
	Journal = {Phys. Rev. B},
	Month = {Feb},
	Numpages = {11},
	Pages = {075102},
	Publisher = {American Physical Society},
	Title = {Topological phases of one-dimensional fermions: An entanglement point of view},
	Url = {https://link.aps.org/doi/10.1103/PhysRevB.83.075102},
	Volume = {83},
	Year = {2011},
	Bdsk-Url-1 = {https://link.aps.org/doi/10.1103/PhysRevB.83.075102},
	Bdsk-Url-2 = {https://doi.org/10.1103/PhysRevB.83.075102}}

@article{2011_Norbert_Ginjective,
	Author = {Norbert Schuch and Ignacio Cirac and David P{\'e}rez-Garc{\'\i}a},
	Doi = {https://doi.org/10.1016/j.aop.2010.05.008},
	Issn = {0003-4916},
	Journal = {Annals of Physics},
	Number = {10},
	Pages = {2153 - 2192},
	Title = {PEPS as ground states: Degeneracy and topology},
	Url = {http://www.sciencedirect.com/science/article/pii/S0003491610000990},
	Volume = {325},
	Year = {2010},
	Bdsk-Url-1 = {http://www.sciencedirect.com/science/article/pii/S0003491610000990},
	Bdsk-Url-2 = {https://doi.org/10.1016/j.aop.2010.05.008}}

@article{2009-PRB-Condensate-induced,
	Author = {Bais, F. A. and Slingerland, J. K.},
	Doi = {10.1103/PhysRevB.79.045316},
	Issue = {4},
	Journal = {Phys. Rev. B},
	Month = {Jan},
	Numpages = {27},
	Pages = {045316},
	Publisher = {American Physical Society},
	Title = {Condensate-induced transitions between topologically ordered phases},
	Url = {https://link.aps.org/doi/10.1103/PhysRevB.79.045316},
	Volume = {79},
	Year = {2009},
	Bdsk-Url-1 = {https://link.aps.org/doi/10.1103/PhysRevB.79.045316},
	Bdsk-Url-2 = {https://doi.org/10.1103/PhysRevB.79.045316}}

@article{2017_Z4_anyon,
	Author = {Iqbal, Mohsin and Duivenvoorden, Kasper and Schuch, Norbert},
	Doi = {10.1103/PhysRevB.97.195124},
	Issue = {19},
	Journal = {Phys. Rev. B},
	Month = {May},
	Numpages = {25},
	Pages = {195124},
	Publisher = {American Physical Society},
	Title = {Study of anyon condensation and topological phase transitions from a ${\mathbb{Z}}_{4}$ topological phase using the projected entangled pair states approach},
	Url = {https://link.aps.org/doi/10.1103/PhysRevB.97.195124},
	Volume = {97},
	Year = {2018},
	Bdsk-Url-1 = {https://link.aps.org/doi/10.1103/PhysRevB.97.195124},
	Bdsk-Url-2 = {https://doi.org/10.1103/PhysRevB.97.195124}}

@article{2017_sym_induced,
	Author = {Garre-Rubio, Jos\'e and Iblisdir, Sofyan and P\'erez-Garc\'{\i}a, David},
	Doi = {10.1103/PhysRevB.96.155123},
	Issue = {15},
	Journal = {Phys. Rev. B},
	Month = {Oct},
	Numpages = {23},
	Pages = {155123},
	Publisher = {American Physical Society},
	Title = {Symmetry reduction induced by anyon condensation: A tensor network approach},
	Url = {https://link.aps.org/doi/10.1103/PhysRevB.96.155123},
	Volume = {96},
	Year = {2017},
	Bdsk-Url-1 = {https://link.aps.org/doi/10.1103/PhysRevB.96.155123},
	Bdsk-Url-2 = {https://doi.org/10.1103/PhysRevB.96.155123}}

@article{2012-PRB-Oshikawa-MES,
	Author = {Zhang, Yi and Grover, Tarun and Turner, Ari and Oshikawa, Masaki and Vishwanath, Ashvin},
	Doi = {10.1103/PhysRevB.85.235151},
	Issue = {23},
	Journal = {Phys. Rev. B},
	Month = {Jun},
	Numpages = {15},
	Pages = {235151},
	Publisher = {American Physical Society},
	Title = {Quasiparticle statistics and braiding from ground-state entanglement},
	Url = {https://link.aps.org/doi/10.1103/PhysRevB.85.235151},
	Volume = {85},
	Year = {2012},
	Bdsk-Url-1 = {https://link.aps.org/doi/10.1103/PhysRevB.85.235151},
	Bdsk-Url-2 = {https://doi.org/10.1103/PhysRevB.85.235151}}

@article{Zauner_2015,
	Author = {V Zauner and D Draxler and L Vanderstraeten and M Degroote and J Haegeman and M M Rams and V Stojevic and N Schuch and F Verstraete},
	Doi = {10.1088/1367-2630/17/5/053002},
	Journal = {New Journal of Physics},
	Month = {may},
	Number = {5},
	Pages = {053002},
	Publisher = {{IOP} Publishing},
	Title = {Transfer matrices and excitations with matrix product states},
	Url = {https://doi.org/10.1088%2F1367-2630%2F17%2F5%2F053002},
	Volume = {17},
	Year = 2015,
	Bdsk-Url-1 = {https://doi.org/10.1088%2F1367-2630%2F17%2F5%2F053002},
	Bdsk-Url-2 = {https://doi.org/10.1088/1367-2630/17/5/053002}}

@article{spin_one_half,
	Author = {Lee, Hyun-Yong and Kaneko, Ryui and Okubo, Tsuyoshi and Kawashima, Naoki},
	Doi = {10.1103/PhysRevLett.123.087203},
	Issue = {8},
	Journal = {Phys. Rev. Lett.},
	Month = {Aug},
	Numpages = {6},
	Pages = {087203},
	Publisher = {American Physical Society},
	Title = {Gapless Kitaev Spin Liquid to Classical String Gas through Tensor Networks},
	Url = {https://link.aps.org/doi/10.1103/PhysRevLett.123.087203},
	Volume = {123},
	Year = {2019},
	Bdsk-Url-1 = {https://link.aps.org/doi/10.1103/PhysRevLett.123.087203},
	Bdsk-Url-2 = {https://doi.org/10.1103/PhysRevLett.123.087203}}

@article{non-AbelianTO_2020,
	Author = {Lee, Hyun-Yong and Kaneko, Ryui and Okubo, Tsuyoshi and Kawashima, Naoki},
	Doi = {10.1103/PhysRevB.101.035140},
	Issue = {3},
	Journal = {Phys. Rev. B},
	Month = {Jan},
	Numpages = {9},
	Pages = {035140},
	Publisher = {American Physical Society},
	Title = {Abelian and non-Abelian chiral spin liquids in a compact tensor network representation},
	Url = {https://link.aps.org/doi/10.1103/PhysRevB.101.035140},
	Volume = {101},
	Year = {2020},
	Bdsk-Url-1 = {https://link.aps.org/doi/10.1103/PhysRevB.101.035140},
	Bdsk-Url-2 = {https://doi.org/10.1103/PhysRevB.101.035140}}

@article{2020-spin-one-kitaev,
	Author = {Lee, Hyun-Yong and Kawashima, Naoki and Kim, Yong Baek},
	Doi = {10.1103/PhysRevResearch.2.033318},
	Issue = {3},
	Journal = {Phys. Rev. Research},
	Month = {Aug},
	Numpages = {6},
	Pages = {033318},
	Publisher = {American Physical Society},
	Title = {Tensor network wave function of $S=1$ Kitaev spin liquids},
	Url = {https://link.aps.org/doi/10.1103/PhysRevResearch.2.033318},
	Volume = {2},
	Year = {2020},
	Bdsk-Url-1 = {https://link.aps.org/doi/10.1103/PhysRevResearch.2.033318},
	Bdsk-Url-2 = {https://doi.org/10.1103/PhysRevResearch.2.033318}}

@article{2013_momentum_polarization,
	Author = {Tu, Hong-Hao and Zhang, Yi and Qi, Xiao-Liang},
	Doi = {10.1103/PhysRevB.88.195412},
	Issue = {19},
	Journal = {Phys. Rev. B},
	Month = {Nov},
	Numpages = {12},
	Pages = {195412},
	Publisher = {American Physical Society},
	Title = {Momentum polarization: An entanglement measure of topological spin and chiral central charge},
	Url = {https://link.aps.org/doi/10.1103/PhysRevB.88.195412},
	Volume = {88},
	Year = {2013},
	Bdsk-Url-1 = {https://link.aps.org/doi/10.1103/PhysRevB.88.195412},
	Bdsk-Url-2 = {https://doi.org/10.1103/PhysRevB.88.195412}}

@article{Norbert_Schuch_2013,
	Author = {Schuch, Norbert and Poilblanc, Didier and Cirac, J. Ignacio and P\'erez-Garc\'{\i}a, David},
	Doi = {10.1103/PhysRevLett.111.090501},
	Issue = {9},
	Journal = {Phys. Rev. Lett.},
	Month = {Aug},
	Numpages = {5},
	Pages = {090501},
	Publisher = {American Physical Society},
	Title = {Topological Order in the Projected Entangled-Pair States Formalism: Transfer Operator and Boundary Hamiltonians},
	Url = {https://link.aps.org/doi/10.1103/PhysRevLett.111.090501},
	Volume = {111},
	Year = {2013},
	Bdsk-Url-1 = {https://link.aps.org/doi/10.1103/PhysRevLett.111.090501},
	Bdsk-Url-2 = {https://doi.org/10.1103/PhysRevLett.111.090501}}

@article{Baskaran_2008,
	Author = {Baskaran, G. and Sen, Diptiman and Shankar, R.},
	Doi = {10.1103/PhysRevB.78.115116},
	Issue = {11},
	Journal = {Phys. Rev. B},
	Month = {Sep},
	Numpages = {8},
	Pages = {115116},
	Publisher = {American Physical Society},
	Title = {Spin-$S$ Kitaev model: Classical ground states, order from disorder, and exact correlation functions},
	Url = {https://link.aps.org/doi/10.1103/PhysRevB.78.115116},
	Volume = {78},
	Year = {2008},
	Bdsk-Url-1 = {https://link.aps.org/doi/10.1103/PhysRevB.78.115116},
	Bdsk-Url-2 = {https://doi.org/10.1103/PhysRevB.78.115116}}

@misc{lee2020anisotropy,
	Archiveprefix = {arXiv},
	Author = {Hyun-Yong Lee and Takafumi Suzuki and Yong Baek Kim and Naoki Kawashima},
	Date-Modified = {2021-02-06 13:34:55 +0800},
	Eprint = {2008.10792},
	Primaryclass = {cond-mat.str-el},
	Title = {Anisotropy as a diagnostic test for distinct tensor network wavefunctions of integer and half-integer spin Kitaev quantum spin liquids},
	Url = {https://arxiv.org/abs/2008.10792},
	Year = {2020},
	Bdsk-Url-1 = {https://arxiv.org/abs/2008.10792}}

@article{Haegeman_2015,
	Author = {Haegeman, J. and Zauner, V. and Schuch, N. and Verstraete, F.},
	Doi = {10.1038/ncomms9284},
	Issue = {1},
	Journal = {Nature Communications},
	Month = {Oct},
	Pages = {8284},
	Title = {Shadows of anyons and the entanglement structure of topological phases},
	Url = {https://doi.org/10.1038/ncomms9284},
	Volume = {6},
	Year = {2015},
	Bdsk-Url-1 = {https://doi.org/10.1038/ncomms9284}}

@article{Hong_Ya_2007,
	Author = {Yao, Hong and Kivelson, Steven A.},
	Doi = {10.1103/PhysRevLett.99.247203},
	Issue = {24},
	Journal = {Phys. Rev. Lett.},
	Month = {Dec},
	Numpages = {4},
	Pages = {247203},
	Publisher = {American Physical Society},
	Title = {Exact Chiral Spin Liquid with Non-Abelian Anyons},
	Url = {https://link.aps.org/doi/10.1103/PhysRevLett.99.247203},
	Volume = {99},
	Year = {2007},
	Bdsk-Url-1 = {https://link.aps.org/doi/10.1103/PhysRevLett.99.247203},
	Bdsk-Url-2 = {https://doi.org/10.1103/PhysRevLett.99.247203}}

@article{KSL_perturbative,
	Author = {Dusuel, S\'ebastien and Schmidt, Kai Phillip and Vidal, Julien and Zaffino, Rosa Letizia},
	Doi = {10.1103/PhysRevB.78.125102},
	Issue = {12},
	Journal = {Phys. Rev. B},
	Month = {Sep},
	Numpages = {7},
	Pages = {125102},
	Publisher = {American Physical Society},
	Title = {Perturbative study of the Kitaev model with spontaneous time-reversal symmetry breaking},
	Url = {https://link.aps.org/doi/10.1103/PhysRevB.78.125102},
	Volume = {78},
	Year = {2008},
	Bdsk-Url-1 = {https://link.aps.org/doi/10.1103/PhysRevB.78.125102},
	Bdsk-Url-2 = {https://doi.org/10.1103/PhysRevB.78.125102}}

@article{GSPRG_2014,
	Author = {He, Huan and Moradi, Heidar and Wen, Xiao-Gang},
	Doi = {10.1103/PhysRevB.90.205114},
	Issue = {20},
	Journal = {Phys. Rev. B},
	Month = {Nov},
	Numpages = {7},
	Pages = {205114},
	Publisher = {American Physical Society},
	Title = {Modular matrices as topological order parameter by a gauge-symmetry-preserved tensor renormalization approach},
	Url = {https://link.aps.org/doi/10.1103/PhysRevB.90.205114},
	Volume = {90},
	Year = {2014},
	Bdsk-Url-1 = {https://link.aps.org/doi/10.1103/PhysRevB.90.205114},
	Bdsk-Url-2 = {https://doi.org/10.1103/PhysRevB.90.205114}}

@article{2018_Chen_Boson_condensation,
	Author = {Shukla, Sujeet K. and \ifmmode \mbox{\c{S}}\else \c{S}\fi{}ahino\ifmmode \breve{g}\else \u{g}\fi{}lu, M. Burak and Pollmann, Frank and Chen, Xie},
	Doi = {10.1103/PhysRevB.98.125112},
	Issue = {12},
	Journal = {Phys. Rev. B},
	Month = {Sep},
	Numpages = {40},
	Pages = {125112},
	Publisher = {American Physical Society},
	Title = {Boson condensation and instability in the tensor network representation of string-net states},
	Url = {https://link.aps.org/doi/10.1103/PhysRevB.98.125112},
	Volume = {98},
	Year = {2018},
	Bdsk-Url-1 = {https://link.aps.org/doi/10.1103/PhysRevB.98.125112},
	Bdsk-Url-2 = {https://doi.org/10.1103/PhysRevB.98.125112}}

@article{Zhang_2019,
	Author = {Zhu, Guo-Yi and Zhang, Guang-Ming},
	Doi = {10.1103/PhysRevLett.122.176401},
	Issue = {17},
	Journal = {Phys. Rev. Lett.},
	Month = {Apr},
	Numpages = {6},
	Pages = {176401},
	Publisher = {American Physical Society},
	Title = {Gapless Coulomb State Emerging from a Self-Dual Topological Tensor-Network State},
	Url = {https://link.aps.org/doi/10.1103/PhysRevLett.122.176401},
	Volume = {122},
	Year = {2019},
	Bdsk-Url-1 = {https://link.aps.org/doi/10.1103/PhysRevLett.122.176401},
	Bdsk-Url-2 = {https://doi.org/10.1103/PhysRevLett.122.176401}}

@article{PhysRevB.96.155127,
	Author = {Mari\"en, Micha\"el and Haegeman, Jutho and Fendley, Paul and Verstraete, Frank},
	Doi = {10.1103/PhysRevB.96.155127},
	Issue = {15},
	Journal = {Phys. Rev. B},
	Month = {Oct},
	Numpages = {9},
	Pages = {155127},
	Publisher = {American Physical Society},
	Title = {Condensation-driven phase transitions in perturbed string nets},
	Url = {https://link.aps.org/doi/10.1103/PhysRevB.96.155127},
	Volume = {96},
	Year = {2017},
	Bdsk-Url-1 = {https://link.aps.org/doi/10.1103/PhysRevB.96.155127},
	Bdsk-Url-2 = {https://doi.org/10.1103/PhysRevB.96.155127}}

@article{PhysRevLett.124.130603,
	Author = {Xu, Wen-Tao and Zhang, Qi and Zhang, Guang-Ming},
	Doi = {10.1103/PhysRevLett.124.130603},
	Issue = {13},
	Journal = {Phys. Rev. Lett.},
	Month = {Apr},
	Numpages = {6},
	Pages = {130603},
	Publisher = {American Physical Society},
	Title = {Tensor Network Approach to Phase Transitions of a Non-Abelian Topological Phase},
	Url = {https://link.aps.org/doi/10.1103/PhysRevLett.124.130603},
	Volume = {124},
	Year = {2020},
	Bdsk-Url-1 = {https://link.aps.org/doi/10.1103/PhysRevLett.124.130603},
	Bdsk-Url-2 = {https://doi.org/10.1103/PhysRevLett.124.130603}}

@article{BULTINCK2017183,
title = {Anyons and matrix product operator algebras},
journal = {Annals of Physics},
volume = {378},
pages = {183-233},
year = {2017},
issn = {0003-4916},
doi = {https://doi.org/10.1016/j.aop.2017.01.004},
url = {https://www.sciencedirect.com/science/article/pii/S0003491617300040},
author = {N. Bultinck and M. Mariën and D.J. Williamson and M.B. Şahinoğlu and J. Haegeman and F. Verstraete},
}

@article{PhysRevB.100.245125,
	Author = {Schotte, Alexis and Carrasco, Jose and Vanhecke, Bram and Vanderstraeten, Laurens and Haegeman, Jutho and Verstraete, Frank and Vidal, Julien},
	Doi = {10.1103/PhysRevB.100.245125},
	Issue = {24},
	Journal = {Phys. Rev. B},
	Month = {Dec},
	Numpages = {8},
	Pages = {245125},
	Publisher = {American Physical Society},
	Title = {Tensor-network approach to phase transitions in string-net models},
	Url = {https://link.aps.org/doi/10.1103/PhysRevB.100.245125},
	Volume = {100},
	Year = {2019},
	Bdsk-Url-1 = {https://link.aps.org/doi/10.1103/PhysRevB.100.245125},
	Bdsk-Url-2 = {https://doi.org/10.1103/PhysRevB.100.245125}}

@article{2013_PEPS_chiral_TO,
	Author = {Wahl, T. B. and Tu, H.-H. and Schuch, N. and Cirac, J. I.},
	Doi = {10.1103/PhysRevLett.111.236805},
	Issue = {23},
	Journal = {Phys. Rev. Lett.},
	Month = {Dec},
	Numpages = {5},
	Pages = {236805},
	Publisher = {American Physical Society},
	Title = {Projected Entangled-Pair States Can Describe Chiral Topological States},
	Url = {https://link.aps.org/doi/10.1103/PhysRevLett.111.236805},
	Volume = {111},
	Year = {2013},
	Bdsk-Url-1 = {https://link.aps.org/doi/10.1103/PhysRevLett.111.236805},
	Bdsk-Url-2 = {https://doi.org/10.1103/PhysRevLett.111.236805}}

@article{2015_no_go_theorem,
	Author = {Dubail, J. and Read, N.},
	Doi = {10.1103/PhysRevB.92.205307},
	Issue = {20},
	Journal = {Phys. Rev. B},
	Month = {Nov},
	Numpages = {15},
	Pages = {205307},
	Publisher = {American Physical Society},
	Title = {Tensor network trial states for chiral topological phases in two dimensions and a no-go theorem in any dimension},
	Url = {https://link.aps.org/doi/10.1103/PhysRevB.92.205307},
	Volume = {92},
	Year = {2015},
	Bdsk-Url-1 = {https://link.aps.org/doi/10.1103/PhysRevB.92.205307},
	Bdsk-Url-2 = {https://doi.org/10.1103/PhysRevB.92.205307}}

@article{2015_chiral_PEPS_TO,
	Author = {Yang, Shuo and Wahl, Thorsten B. and Tu, Hong-Hao and Schuch, Norbert and Cirac, J. Ignacio},
	Doi = {10.1103/PhysRevLett.114.106803},
	Issue = {10},
	Journal = {Phys. Rev. Lett.},
	Month = {Mar},
	Numpages = {5},
	Pages = {106803},
	Publisher = {American Physical Society},
	Title = {Chiral Projected Entangled-Pair State with Topological Order},
	Url = {https://link.aps.org/doi/10.1103/PhysRevLett.114.106803},
	Volume = {114},
	Year = {2015},
	Bdsk-Url-1 = {https://link.aps.org/doi/10.1103/PhysRevLett.114.106803},
	Bdsk-Url-2 = {https://doi.org/10.1103/PhysRevLett.114.106803}}


@article{simple-update,
  title = {Accurate Determination of Tensor Network State of Quantum Lattice Models in Two Dimensions},
  author = {Jiang, H. C. and Weng, Z. Y. and Xiang, T.},
  journal = {Phys. Rev. Lett.},
  volume = {101},
  issue = {9},
  pages = {090603},
  numpages = {4},
  year = {2008},
  month = {Aug},
  publisher = {American Physical Society},
  doi = {10.1103/PhysRevLett.101.090603},
  url = {https://link.aps.org/doi/10.1103/PhysRevLett.101.090603}
}



@article{Kitaev2006,
	Author = {Kitaev, Alexei and Preskill, John},
	Doi = {10.1103/PhysRevLett.96.110404},
	Issue = {11},
	Journal = {Phys. Rev. Lett.},
	Month = {Mar},
	Numpages = {4},
	Pages = {110404},
	Publisher = {American Physical Society},
	Title = {Topological Entanglement Entropy},
	Url = {https://link.aps.org/doi/10.1103/PhysRevLett.96.110404},
	Volume = {96},
	Year = {2006},
	Bdsk-Url-1 = {https://link.aps.org/doi/10.1103/PhysRevLett.96.110404},
	Bdsk-Url-2 = {https://doi.org/10.1103/PhysRevLett.96.110404}}



@article{2011_Norbert_Ginjective,
	Author = {Norbert Schuch and Ignacio Cirac and David P{\'e}rez-Garc{\'\i}a},
	Doi = {https://doi.org/10.1016/j.aop.2010.05.008},
	Issn = {0003-4916},
	Journal = {Annals of Physics},
	Number = {10},
	Pages = {2153 - 2192},
	Title = {PEPS as ground states: Degeneracy and topology},
	Url = {http://www.sciencedirect.com/science/article/pii/S0003491610000990},
	Volume = {325},
	Year = {2010},
	Bdsk-Url-1 = {http://www.sciencedirect.com/science/article/pii/S0003491610000990},
	Bdsk-Url-2 = {https://doi.org/10.1016/j.aop.2010.05.008}}





@article{2012_MES,
	Author = {Zhang, Yi and Grover, Tarun and Turner, Ari and Oshikawa, Masaki and Vishwanath, Ashvin},
	Doi = {10.1103/PhysRevB.85.235151},
	Issue = {23},
	Journal = {Phys. Rev. B},
	Month = {Jun},
	Numpages = {15},
	Pages = {235151},
	Publisher = {American Physical Society},
	Title = {Quasiparticle statistics and braiding from ground-state entanglement},
	Url = {https://link.aps.org/doi/10.1103/PhysRevB.85.235151},
	Volume = {85},
	Year = {2012},
	Bdsk-Url-1 = {https://link.aps.org/doi/10.1103/PhysRevB.85.235151},
	Bdsk-Url-2 = {https://doi.org/10.1103/PhysRevB.85.235151}}

@article{2015_Zauner,
	Author = {V Zauner and D Draxler and L Vanderstraeten and M Degroote and J Haegeman and M M Rams and V Stojevic and N Schuch and F Verstraete},
	Doi = {10.1088/1367-2630/17/5/053002},
	Journal = {New Journal of Physics},
	Month = {may},
	Number = {5},
	Pages = {053002},
	Publisher = {{IOP} Publishing},
	Title = {Transfer matrices and excitations with matrix product states},
	Url = {https://doi.org/10.1088%2F1367-2630%2F17%2F5%2F053002},
	Volume = {17},
	Year = 2015,
	Bdsk-Url-1 = {https://doi.org/10.1088%2F1367-2630%2F17%2F5%2F053002},
	Bdsk-Url-2 = {https://doi.org/10.1088/1367-2630/17/5/053002}}

@article{spin_one_half,
	Author = {Lee, Hyun-Yong and Kaneko, Ryui and Okubo, Tsuyoshi and Kawashima, Naoki},
	Doi = {10.1103/PhysRevLett.123.087203},
	Issue = {8},
	Journal = {Phys. Rev. Lett.},
	Month = {Aug},
	Numpages = {6},
	Pages = {087203},
	Publisher = {American Physical Society},
	Title = {Gapless Kitaev Spin Liquid to Classical String Gas through Tensor Networks},
	Url = {https://link.aps.org/doi/10.1103/PhysRevLett.123.087203},
	Volume = {123},
	Year = {2019},
	Bdsk-Url-1 = {https://link.aps.org/doi/10.1103/PhysRevLett.123.087203},
	Bdsk-Url-2 = {https://doi.org/10.1103/PhysRevLett.123.087203}}

@article{non-AbelianTO_2020,
	Author = {Lee, Hyun-Yong and Kaneko, Ryui and Okubo, Tsuyoshi and Kawashima, Naoki},
	Doi = {10.1103/PhysRevB.101.035140},
	Issue = {3},
	Journal = {Phys. Rev. B},
	Month = {Jan},
	Numpages = {9},
	Pages = {035140},
	Publisher = {American Physical Society},
	Title = {Abelian and non-Abelian chiral spin liquids in a compact tensor network representation},
	Url = {https://link.aps.org/doi/10.1103/PhysRevB.101.035140},
	Volume = {101},
	Year = {2020},
	Bdsk-Url-1 = {https://link.aps.org/doi/10.1103/PhysRevB.101.035140},
	Bdsk-Url-2 = {https://doi.org/10.1103/PhysRevB.101.035140}}

@article{2020-spin-one-kitaev,
	Author = {Lee, Hyun-Yong and Kawashima, Naoki and Kim, Yong Baek},
	Doi = {10.1103/PhysRevResearch.2.033318},
	Issue = {3},
	Journal = {Phys. Rev. Research},
	Month = {Aug},
	Numpages = {6},
	Pages = {033318},
	Publisher = {American Physical Society},
	Title = {Tensor network wave function of $S=1$ Kitaev spin liquids},
	Url = {https://link.aps.org/doi/10.1103/PhysRevResearch.2.033318},
	Volume = {2},
	Year = {2020},
	Bdsk-Url-1 = {https://link.aps.org/doi/10.1103/PhysRevResearch.2.033318},
	Bdsk-Url-2 = {https://doi.org/10.1103/PhysRevResearch.2.033318}}



@article{Norbert_Schuch_2013,
	Author = {Schuch, Norbert and Poilblanc, Didier and Cirac, J. Ignacio and P\'erez-Garc\'{\i}a, David},
	Doi = {10.1103/PhysRevLett.111.090501},
	Issue = {9},
	Journal = {Phys. Rev. Lett.},
	Month = {Aug},
	Numpages = {5},
	Pages = {090501},
	Publisher = {American Physical Society},
	Title = {Topological Order in the Projected Entangled-Pair States Formalism: Transfer Operator and Boundary Hamiltonians},
	Url = {https://link.aps.org/doi/10.1103/PhysRevLett.111.090501},
	Volume = {111},
	Year = {2013},
	Bdsk-Url-1 = {https://link.aps.org/doi/10.1103/PhysRevLett.111.090501},
	Bdsk-Url-2 = {https://doi.org/10.1103/PhysRevLett.111.090501}}

@article{Baskaran_2008,
	Author = {Baskaran, G. and Sen, Diptiman and Shankar, R.},
	Doi = {10.1103/PhysRevB.78.115116},
	Issue = {11},
	Journal = {Phys. Rev. B},
	Month = {Sep},
	Numpages = {8},
	Pages = {115116},
	Publisher = {American Physical Society},
	Title = {Spin-$S$ Kitaev model: Classical ground states, order from disorder, and exact correlation functions},
	Url = {https://link.aps.org/doi/10.1103/PhysRevB.78.115116},
	Volume = {78},
	Year = {2008},
	Bdsk-Url-1 = {https://link.aps.org/doi/10.1103/PhysRevB.78.115116},
	Bdsk-Url-2 = {https://doi.org/10.1103/PhysRevB.78.115116}}

@misc{lee2020anisotropy,
	Archiveprefix = {arXiv},
	Author = {Hyun-Yong Lee and Takafumi Suzuki and Yong Baek Kim and Naoki Kawashima},
	Date-Modified = {2021-02-06 13:34:55 +0800},
	Eprint = {2008.10792},
	Primaryclass = {cond-mat.str-el},
	Title = {Anisotropy as a diagnostic test for distinct tensor network wavefunctions of integer and half-integer spin Kitaev quantum spin liquids},
	Url = {https://arxiv.org/abs/2008.10792},
	Year = {2020},
	Bdsk-Url-1 = {https://arxiv.org/abs/2008.10792}}

@article{Haegeman_2015,
	Author = {Haegeman, J. and Zauner, V. and Schuch, N. and Verstraete, F.},
	Doi = {10.1038/ncomms9284},
	Issue = {1},
	Journal = {Nature Communications},
	Month = {Oct},
	Pages = {8284},
	Title = {Shadows of anyons and the entanglement structure of topological phases},
	Url = {https://doi.org/10.1038/ncomms9284},
	Volume = {6},
	Year = {2015},
	Bdsk-Url-1 = {https://doi.org/10.1038/ncomms9284}}


@article{2018_vumps,
  title = {Variational optimization algorithms for uniform matrix product states},
  author = {Zauner-Stauber, V. and Vanderstraeten, L. and Fishman, M. T. and Verstraete, F. and Haegeman, J.},
  journal = {Phys. Rev. B},
  volume = {97},
  issue = {4},
  pages = {045145},
  numpages = {31},
  year = {2018},
  month = {Jan},
  publisher = {American Physical Society},
  doi = {10.1103/PhysRevB.97.045145},
  url = {https://link.aps.org/doi/10.1103/PhysRevB.97.045145}
}

@article{2018_faster_method,
  title = {Faster methods for contracting infinite two-dimensional tensor networks},
  author = {Fishman, M. T. and Vanderstraeten, L. and Zauner-Stauber, V. and Haegeman, J. and Verstraete, F.},
  journal = {Phys. Rev. B},
  volume = {98},
  issue = {23},
  pages = {235148},
  numpages = {17},
  year = {2018},
  month = {Dec},
  publisher = {American Physical Society},
  doi = {10.1103/PhysRevB.98.235148},
  url = {https://link.aps.org/doi/10.1103/PhysRevB.98.235148}
}


@article{2018_exact_spin1,
author = {Koga ,Akihisa and Tomishige ,Hiroyuki and Nasu ,Joji},
title = {Ground-state and Thermodynamic Properties of an S = 1 Kitaev Model},
journal = {Journal of the Physical Society of Japan},
volume = {87},
number = {6},
pages = {063703},
year = {2018},
doi = {10.7566/JPSJ.87.063703},
URL = { 
        https://doi.org/10.7566/JPSJ.87.063703    
},
eprint = { 
        https://doi.org/10.7566/JPSJ.87.063703    
}
}

@article{2011_entanglement,
  title = {Entanglement spectrum and boundary theories with projected entangled-pair states},
  author = {Cirac, J. Ignacio and Poilblanc, Didier and Schuch, Norbert and Verstraete, Frank},
  journal = {Phys. Rev. B},
  volume = {83},
  issue = {24},
  pages = {245134},
  numpages = {12},
  year = {2011},
  month = {Jun},
  publisher = {American Physical Society},
  doi = {10.1103/PhysRevB.83.245134},
  url = {https://link.aps.org/doi/10.1103/PhysRevB.83.245134}
}

@misc{2020_order_parameter,
      title={Order parameters and critical exponents for topological phase transitions through tensor networks}, 
      author={Mohsin Iqbal and Norbert Schuch},
      year={2020},
      eprint={2011.06611},
      archivePrefix={arXiv},
      primaryClass={cond-mat.str-el}
}

@article{2017_anyon_condensates,
  title = {Entanglement phases as holographic duals of anyon condensates},
  author = {Duivenvoorden, Kasper and Iqbal, Mohsin and Haegeman, Jutho and Verstraete, Frank and Schuch, Norbert},
  journal = {Phys. Rev. B},
  volume = {95},
  issue = {23},
  pages = {235119},
  numpages = {24},
  year = {2017},
  month = {Jun},
  publisher = {American Physical Society},
  doi = {10.1103/PhysRevB.95.235119},
  url = {https://link.aps.org/doi/10.1103/PhysRevB.95.235119}
}

@article{2018_Kitaev_QSL,
  title = {Quantum spin liquid signatures in Kitaev-like frustrated magnets},
  author = {Gohlke, Matthias and Wachtel, Gideon and Yamaji, Youhei and Pollmann, Frank and Kim, Yong Baek},
  journal = {Phys. Rev. B},
  volume = {97},
  issue = {7},
  pages = {075126},
  numpages = {14},
  year = {2018},
  month = {Feb},
  publisher = {American Physical Society},
  doi = {10.1103/PhysRevB.97.075126},
  url = {https://link.aps.org/doi/10.1103/PhysRevB.97.075126}
}

@Article{2019_tangent_space_lecture,
	title={{Tangent-space methods for uniform matrix product states}},
	author={Laurens Vanderstraeten and Jutho Haegeman and Frank Verstraete},
	journal={SciPost Phys. Lect. Notes},
	pages={7},
	year={2019},
	publisher={SciPost},
	doi={10.21468/SciPostPhysLectNotes.7},
	url={https://scipost.org/10.21468/SciPostPhysLectNotes.7},
}

@article{2012_excitation,
  title = {Variational matrix product ansatz for dispersion relations},
  author = {Haegeman, Jutho and Pirvu, Bogdan and Weir, David J. and Cirac, J. Ignacio and Osborne, Tobias J. and Verschelde, Henri and Verstraete, Frank},
  journal = {Phys. Rev. B},
  volume = {85},
  issue = {10},
  pages = {100408},
  numpages = {5},
  year = {2012},
  month = {Mar},
  publisher = {American Physical Society},
  doi = {10.1103/PhysRevB.85.100408},
  url = {https://link.aps.org/doi/10.1103/PhysRevB.85.100408}
}

@article{Savary_2016,
	doi = {10.1088/0034-4885/80/1/016502},
	url = {https://doi.org/10.1088/0034-4885/80/1/016502},
	year = 2016,
	month = {nov},
	publisher = {{IOP} Publishing},
	volume = {80},
	number = {1},
	pages = {016502},
	author = {Lucile Savary and Leon Balents},
	title = {Quantum spin liquids: a review},
	journal = {Reports on Progress in Physics}
}

@article{RevModPhys.89.025003,
  title = {Quantum spin liquid states},
  author = {Zhou, Yi and Kanoda, Kazushi and Ng, Tai-Kai},
  journal = {Rev. Mod. Phys.},
  volume = {89},
  issue = {2},
  pages = {025003},
  numpages = {50},
  year = {2017},
  month = {Apr},
  publisher = {American Physical Society},
  doi = {10.1103/RevModPhys.89.025003},
  url = {https://link.aps.org/doi/10.1103/RevModPhys.89.025003}
}

@article {Broholmeaay0668,
	author = {Broholm, C. and Cava, R. J. and Kivelson, S. A. and Nocera, D. G. and Norman, M. R. and Senthil, T.},
	title = {Quantum spin liquids},
	volume = {367},
	number = {6475},
	elocation-id = {eaay0668},
	year = {2020},
	doi = {10.1126/science.aay0668},
	publisher = {American Association for the Advancement of Science},
	issn = {0036-8075},
	URL = {https://science.sciencemag.org/content/367/6475/eaay0668},
	eprint = {https://science.sciencemag.org/content/367/6475/eaay0668.full.pdf},
	journal = {Science}
}

@article{PhysRevLett.123.037203,
  title = {Microscopic Mechanism for a Higher-Spin Kitaev Model},
  author = {Stavropoulos, P. Peter and Pereira, D. and Kee, Hae-Young},
  journal = {Phys. Rev. Lett.},
  volume = {123},
  issue = {3},
  pages = {037203},
  numpages = {6},
  year = {2019},
  month = {Jul},
  publisher = {American Physical Society},
  doi = {10.1103/PhysRevLett.123.037203},
  url = {https://link.aps.org/doi/10.1103/PhysRevLett.123.037203}
}


@article{PhysRevResearch.2.022047,
  title = {Magnetic field induced spin liquids in $S=1$ Kitaev honeycomb model},
  author = {Zhu, Zheng and Weng, Zheng-Yu and Sheng, D. N.},
  journal = {Phys. Rev. Research},
  volume = {2},
  issue = {2},
  pages = {022047},
  numpages = {7},
  year = {2020},
  month = {Jun},
  publisher = {American Physical Society},
  doi = {10.1103/PhysRevResearch.2.022047},
  url = {https://link.aps.org/doi/10.1103/PhysRevResearch.2.022047}
}

@article{PhysRevResearch.3.013160,
  title = {Characterizing spin-one Kitaev quantum spin liquids},
  author = {Khait, Ilia and Stavropoulos, P. Peter and Kee, Hae-Young and Kim, Yong Baek},
  journal = {Phys. Rev. Research},
  volume = {3},
  issue = {1},
  pages = {013160},
  numpages = {11},
  year = {2021},
  month = {Feb},
  publisher = {American Physical Society},
  doi = {10.1103/PhysRevResearch.3.013160},
  url = {https://link.aps.org/doi/10.1103/PhysRevResearch.3.013160}
}

@article{PhysRevB.102.121102,
  title = {Spin-1 Kitaev-Heisenberg model on a honeycomb lattice},
  author = {Dong, Xiao-Yu and Sheng, D. N.},
  journal = {Phys. Rev. B},
  volume = {102},
  issue = {12},
  pages = {121102},
  numpages = {6},
  year = {2020},
  month = {Sep},
  publisher = {American Physical Society},
  doi = {10.1103/PhysRevB.102.121102},
  url = {https://link.aps.org/doi/10.1103/PhysRevB.102.121102}
}

@article{PhysRevB.99.104408,
  title = {Quantum and classical behavior of spin-$S$ Kitaev models in the anisotropic limit},
  author = {Minakawa, Tetsuya and Nasu, Joji and Koga, Akihisa},
  journal = {Phys. Rev. B},
  volume = {99},
  issue = {10},
  pages = {104408},
  numpages = {8},
  year = {2019},
  month = {Mar},
  publisher = {American Physical Society},
  doi = {10.1103/PhysRevB.99.104408},
  url = {https://link.aps.org/doi/10.1103/PhysRevB.99.104408}
}


@article{PhysRevB.98.214404,
  title = {Incipient and well-developed entropy plateaus in spin-$S$ Kitaev models},
  author = {Oitmaa, J. and Koga, A. and Singh, R. R. P.},
  journal = {Phys. Rev. B},
  volume = {98},
  issue = {21},
  pages = {214404},
  numpages = {6},
  year = {2018},
  month = {Dec},
  publisher = {American Physical Society},
  doi = {10.1103/PhysRevB.98.214404},
  url = {https://link.aps.org/doi/10.1103/PhysRevB.98.214404}
}


@article{PhysRevLett.108.127203,
  title = {Relevance of the Heisenberg-Kitaev Model for the Honeycomb Lattice Iridates ${A}_{2}{\mathrm{IrO}}_{3}$},
  author = {Singh, Yogesh and Manni, S. and Reuther, J. and Berlijn, T. and Thomale, R. and Ku, W. and Trebst, S. and Gegenwart, P.},
  journal = {Phys. Rev. Lett.},
  volume = {108},
  issue = {12},
  pages = {127203},
  numpages = {5},
  year = {2012},
  month = {Mar},
  publisher = {American Physical Society},
  doi = {10.1103/PhysRevLett.108.127203},
  url = {https://link.aps.org/doi/10.1103/PhysRevLett.108.127203}
}

@article{doi:10.1146/annurev-conmatphys-020911-125138,
author = {Witczak-Krempa, William and Chen, Gang and Kim, Yong Baek and Balents, Leon},
title = {Correlated Quantum Phenomena in the Strong Spin-Orbit Regime},
journal = {Annual Review of Condensed Matter Physics},
volume = {5},
number = {1},
pages = {57-82},
year = {2014},
doi = {10.1146/annurev-conmatphys-020911-125138},

URL = { 
        https://doi.org/10.1146/annurev-conmatphys-020911-125138
    
},
eprint = { 
        https://doi.org/10.1146/annurev-conmatphys-020911-125138    
}


@article{doi:10.1146/annurev-conmatphys-031115-011319,
author = {Rau, Jeffrey G. and Lee, Eric Kin-Ho and Kee, Hae-Young},
title = {Spin-Orbit Physics Giving Rise to Novel Phases in Correlated Systems: Iridates and Related Materials},
journal = {Annual Review of Condensed Matter Physics},
volume = {7},
number = {1},
pages = {195-221},
year = {2016},
doi = {10.1146/annurev-conmatphys-031115-011319},

URL = { 
        https://doi.org/10.1146/annurev-conmatphys-031115-011319
    
},
eprint = { 
        https://doi.org/10.1146/annurev-conmatphys-031115-011319
}

@article{Winter_2017,
	doi = {10.1088/1361-648x/aa8cf5},
	url = {https://doi.org/10.1088/1361-648x/aa8cf5},
	year = 2017,
	month = {nov},
	publisher = {{IOP} Publishing},
	volume = {29},
	number = {49},
	pages = {493002},
	author = {Stephen M Winter and Alexander A Tsirlin and Maria Daghofer and Jeroen van den Brink and Yogesh Singh and Philipp Gegenwart and Roser Valent{\'{\i}}},
	title = {Models and materials for generalized Kitaev magnetism},
	journal = {Journal of Physics: Condensed Matter},
}

@article{PhysRevB.90.041112,
  title = {$\ensuremath{\alpha}\ensuremath{-}{\mathrm{RuCl}}_{3}$: A spin-orbit assisted Mott insulator on a honeycomb lattice},
  author = {Plumb, K. W. and Clancy, J. P. and Sandilands, L. J. and Shankar, V. Vijay and Hu, Y. F. and Burch, K. S. and Kee, Hae-Young and Kim, Young-June},
  journal = {Phys. Rev. B},
  volume = {90},
  issue = {4},
  pages = {041112},
  numpages = {5},
  year = {2014},
  month = {Jul},
  publisher = {American Physical Society},
  doi = {10.1103/PhysRevB.90.041112},
  url = {https://link.aps.org/doi/10.1103/PhysRevB.90.041112}
}

@article{Kasahara_2018,
   title={Majorana quantization and half-integer thermal quantum Hall effect in a Kitaev spin liquid},
   volume={559},
   ISSN={1476-4687},
   url={http://dx.doi.org/10.1038/s41586-018-0274-0},
   DOI={10.1038/s41586-018-0274-0},
   number={7713},
   journal={Nature},
   publisher={Springer Science and Business Media LLC},
   author={Kasahara, Y. and Ohnishi, T. and Mizukami, Y. and Tanaka, O. and Ma, Sixiao and Sugii, K. and Kurita, N. and Tanaka, H. and Nasu, J. and Motome, Y. and et al.},
   year={2018},
   month={Jul},
   pages={227–231}
}

@article{Lee_2020,
   title={Magnetic field induced quantum phases in a tensor network study of Kitaev magnets},
   volume={11},
   ISSN={2041-1723},
   url={http://dx.doi.org/10.1038/s41467-020-15320-x},
   DOI={10.1038/s41467-020-15320-x},
   number={1},
   journal={Nature Communications},
   publisher={Springer Science and Business Media LLC},
   author={Lee, Hyun-Yong and Kaneko, Ryui and Chern, Li Ern and Okubo, Tsuyoshi and Yamaji, Youhei and Kawashima, Naoki and Kim, Yong Baek},
   year={2020},
   month={Apr}
}

@article{doi:10.1143/JPSJ.65.891,
author = {Nishino ,Tomotoshi and Okunishi ,Kouichi},
title = {Corner Transfer Matrix Renormalization Group Method},
journal = {Journal of the Physical Society of Japan},
volume = {65},
number = {4},
pages = {891-894},
year = {1996},
doi = {10.1143/JPSJ.65.891},

URL = { 
        https://doi.org/10.1143/JPSJ.65.891
    
},
eprint = { 
        https://doi.org/10.1143/JPSJ.65.891
    
}

}

@article{PhysRevB.80.094403,
  title = {Simulation of two-dimensional quantum systems on an infinite lattice revisited: Corner transfer matrix for tensor contraction},
  author = {Or\'us, Rom\'an and Vidal, Guifr\'e},
  journal = {Phys. Rev. B},
  volume = {80},
  issue = {9},
  pages = {094403},
  numpages = {4},
  year = {2009},
  month = {Sep},
  publisher = {American Physical Society},
  doi = {10.1103/PhysRevB.80.094403},
  url = {https://link.aps.org/doi/10.1103/PhysRevB.80.094403}
}


@article{PhysRevB.82.245119,
  title = {Simulation of fermionic lattice models in two dimensions with projected entangled-pair states: Next-nearest neighbor Hamiltonians},
  author = {Corboz, Philippe and Jordan, Jacob and Vidal, Guifr\'e},
  journal = {Phys. Rev. B},
  volume = {82},
  issue = {24},
  pages = {245119},
  numpages = {9},
  year = {2010},
  month = {Dec},
  publisher = {American Physical Society},
  doi = {10.1103/PhysRevB.82.245119},
  url = {https://link.aps.org/doi/10.1103/PhysRevB.82.245119}
}


@misc{our_paper,
      title={Detecting transition between Abelian and non-Abelian topological orders through symmetric tensor networks}, 
      author={Yu-Hsueh Chen and Ching-Yu Huang and Ying-Jer Kao},
      year={2021},
      eprint={2102.10980},
      archivePrefix={arXiv},
      primaryClass={cond-mat.str-el}
}

@article{Banerjee_2016,
   title={Proximate Kitaev quantum spin liquid behaviour in a honeycomb magnet},
   volume={15},
   ISSN={1476-4660},
   url={http://dx.doi.org/10.1038/nmat4604},
   DOI={10.1038/nmat4604},
   number={7},
   journal={Nature Materials},
   publisher={Springer Science and Business Media LLC},
   author={Banerjee, A. and Bridges, C. A. and Yan, J.-Q. and Aczel, A. A. and Li, L. and Stone, M. B. and Granroth, G. E. and Lumsden, M. D. and Yiu, Y. and Knolle, J. and et al.},
   year={2016},
   month={Apr},
   pages={733–740}
}

@article {Banerjee1055,
	author = {Banerjee, Arnab and Yan, Jiaqiang and Knolle, Johannes and Bridges, Craig A. and Stone, Matthew B. and Lumsden, Mark D. and Mandrus, David G. and Tennant, David A. and Moessner, Roderich and Nagler, Stephen E.},
	title = {Neutron scattering in the proximate quantum spin liquid α-RuCl3},
	volume = {356},
	number = {6342},
	pages = {1055--1059},
	year = {2017},
	doi = {10.1126/science.aah6015},
	publisher = {American Association for the Advancement of Science},
	issn = {0036-8075},
	URL = {https://science.sciencemag.org/content/356/6342/1055},
	eprint = {https://science.sciencemag.org/content/356/6342/1055.full.pdf},
	journal = {Science}
}


@article{PhysRevLett.118.107203,
  title = {Spin-Wave Excitations Evidencing the Kitaev Interaction in Single Crystalline $\ensuremath{\alpha}\text{\ensuremath{-}}{\mathrm{RuCl}}_{3}$},
  author = {Ran, Kejing and Wang, Jinghui and Wang, Wei and Dong, Zhao-Yang and Ren, Xiao and Bao, Song and Li, Shichao and Ma, Zhen and Gan, Yuan and Zhang, Youtian and Park, J. T. and Deng, Guochu and Danilkin, S. and Yu, Shun-Li and Li, Jian-Xin and Wen, Jinsheng},
  journal = {Phys. Rev. Lett.},
  volume = {118},
  issue = {10},
  pages = {107203},
  numpages = {6},
  year = {2017},
  month = {Mar},
  publisher = {American Physical Society},
  doi = {10.1103/PhysRevLett.118.107203},
  url = {https://link.aps.org/doi/10.1103/PhysRevLett.118.107203}
}

@article{PhysRevLett.102.017205,
  title = {Mott Insulators in the Strong Spin-Orbit Coupling Limit: From Heisenberg to a Quantum Compass and Kitaev Models},
  author = {Jackeli, G. and Khaliullin, G.},
  journal = {Phys. Rev. Lett.},
  volume = {102},
  issue = {1},
  pages = {017205},
  numpages = {4},
  year = {2009},
  month = {Jan},
  publisher = {American Physical Society},
  doi = {10.1103/PhysRevLett.102.017205},
  url = {https://link.aps.org/doi/10.1103/PhysRevLett.102.017205}
}


@article{PhysRevLett.60.531,
  title = {Extended Heisenberg models of antiferromagnetism: Analogies to the fractional quantum Hall effect},
  author = {Arovas, Daniel P. and Auerbach, Assa and Haldane, F. D. M.},
  journal = {Phys. Rev. Lett.},
  volume = {60},
  issue = {6},
  pages = {531--534},
  numpages = {0},
  year = {1988},
  month = {Feb},
  publisher = {American Physical Society},
  doi = {10.1103/PhysRevLett.60.531},
  url = {https://link.aps.org/doi/10.1103/PhysRevLett.60.531}
}


@article{PhysRev.94.262,
  title = {Atomic Theory of the Two-Fluid Model of Liquid Helium},
  author = {Feynman, R. P.},
  journal = {Phys. Rev.},
  volume = {94},
  issue = {2},
  pages = {262--277},
  numpages = {0},
  year = {1954},
  month = {Apr},
  publisher = {American Physical Society},
  doi = {10.1103/PhysRev.94.262},
  url = {https://link.aps.org/doi/10.1103/PhysRev.94.262}
}
